@article{ocaml,
  title={The Objective Caml system, 1996},
  author={Leroy, X and Vouillon, J and Doligez, D},
  journal={Software and documentation available on the web at http://pauillac. inria. fr/ocaml}
}

@manual{meo,
  title={A static nil-pointer analysis for the Ruby language},
  author={De Meo, Federico and Maraia, Oscar and Signorini, Fabio},
  year={2012},
  organization={Project of Static Analysis and Protection}
}


@inproceedings{ril,
  title={The ruby intermediate language},
  author={Furr, Michael and An, Jong-hoon David and Foster, Jeffrey S and Hicks, Michael},
  booktitle={ACM Sigplan Notices},
  volume={44},
  number={12},
  pages={89--98},
  year={2009},
  organization={ACM}
}

@inproceedings{druby,
  title={Static type inference for Ruby},
  author={Furr, Michael and An, Jong-hoon David and Foster, Jeffrey S and Hicks, Michael},
  booktitle={Proceedings of the 2009 ACM symposium on Applied Computing},
  pages={1859--1866},
  year={2009},
  organization={ACM}
}
